@book{Egger_Lecture_Note, title={Compiler Lecture Note}, author={Egger, Bernhard}, year={2023}} 
@misc{Egger_git, title={SnuPL2 Compiler}, url={https://teaching.csap.snu.ac.kr/compiler-construction/fall-2023/snupl2-compiler}, journal={CSAP Cource Gitlab}, author={Egger, Bernhard}, year={2023}, month={Sep}} 
@book{Textbook_Compiler,
  author         = {Aho, Alfred V. and Lam, Monica S. and Sethi, Ravi and Ullman, Jeffrey D.},
  editor         = {},
  place          = {Boston, MA, USA},
  publisher      = {Pearson Addison-Wesley},
  title          = {Compiler: Principles, Techniques, and Tools},
  year           = {2007}
}